@Article{alemdar10,
  author = {Alemdar, H. and Ersoy, C.},
  title = {Wireless sensor networks for healthcare: A survey},
  year = {2010},
}

@InProceedings{dey99,
  author = {Dey, A. K. and Salber, D. and Abowd, G. D. and Futakawa, M.},
  title =  {The Conference Assistant: Combining Context-Awareness With Wearable Computing},
  booktitle = {Proceedings of the 3rd In-ternational Symposium  on Wearable Computers},
  address = {San Francisco},
  year = {1999},
  pages = {21--28},
}

@InProceedings{dyo09,
  author = {Dyo, V. and Ellwood, S. A. and Macdonald, D. W. and Markham, A. and Mascolo, C. and Pasztor, B. and Trigoni, N. and Wohlers, R.},
  title = {Poster Abstract: Wildlife and Environmental Monitoring using RFID and WSN Technology.},
  booktitle = {InProc. of the Int. Conf. on Embedded Networked Sensor Systems (Sen-Sys)},
  year = {2009},
}

@Article{gorlick07,
  author = {Gorlick, A.},
  title = {Turtles to test wireless network},
  year = {July 2007},
}

@Article{hirschfeld08,
  author = {Hirschfeld, R. and Costanza, P. and Nierstrasz, O.},
  title =  {Context-oriented programming},
  journal = {Journal of Object Technology},
  year = {2008},
}

@InProceedings{juang02,
  author = {Juang, P. Oki and Wang, Y. H. and Martonosi, M. and Peh, L. S. and Rubenstein, D.},
  title =  {Energy-Efficient Computing for Wildlife Tracking: Design Tradeoffs and Early Experiences with ZebraNet.},
  booktitle = {In Proc. of the Int. Conf. on Architectural Support for Programming Languages and Operating Systems},
  publisher = {ASPLOS-X},
  year = {2002},
}

@InProceedings{lingren08,
  author = {Lindgren, A. and Mascolo, C. and Lonegan, M. and McConnell, B.},
  title =  {Seal2Seal: A Delay-Tolerant Protocol for Contact Logging in Wildlife Monitoring Sensor Networks.},
  booltitle = {InProc. of Int. Conf. on Mobile Ad-hoc and Sensor Systems},
  publisher = {MASS},
  year = {2008},
}

@InProceedings{lorincz09,
  author = {Lorincz, K. and Chen, B.-R. and Challen, W. G. and Chowdhury, A. R. and Patel, S. and Bonato, P. and Welsh, M.},
  title = {Mercury: A Wearable Sensor Network Platform for High-fidelity motion Analy-sis.},
  booktitle = {InProc. of the Int. Conf. on Embedded Networked Sensor Systems (SenSys)},
  year = {2009},
}

@Article{pastor08,
  author = {Pasztor, B. and Mottola, L. and Mascolo, C. and Picco, G. P. and Ellwood, S. and Macdonald, D.},
  title =  {Selective Reprogramming of Mobile Sensor Networks through Social Community Detection},
  year = {2008},
}