@inproceedings{Bardram05,
 author = {Bardram, J. E.},
 title = {The Java Context Awareness Framework (JCAF) -- a Service Infrastructure and Programming Framework for Context-aware Applications},
 series = {PERVASIVE'05},
 year = {2005},
} 


@article{diguet11:closed,
 author = {J. Diguet and others},
 title = {{Closed-loopâ€“based self-adaptive hardware/software-embedded systems: Design methodology and smart cam case study}},
 journal = {ACM Transactions on Embedded Computing Systems (TECS)},
 year = {2011},
}

@book{cheng:adaptive,
 author = {B. Cheng and others},
 title = {Software Engineering for Self-Adaptive Systems: A Research Roadmap},
 publisher = {Springer},
 year = {2009},
}

@inproceedings{Bourdenas10,
 author = {Bourdenas, T. and others},
 title = {Starfish: Policy Driven Self-management in Wireless Sensor Networks},
 series = {SEAMS '10},
 year = {2010},
}

@INPROCEEDINGS{Bourdenas11, 
author={Bourdenas, T. and others},
title={Self-adaptive routing in multi-hop sensor networks}, 
year={2011}, 
series = {CNSM '11}
}

@inproceedings{Costanza05,
 author = {Costanza, P. and others},
 title = {Language Constructs for Context-oriented Programming: An Overview of ContextL},
 series = {DLS '05},
 year = {2005},
} 

@inproceedings{Ghezzi10,
 author = {Ghezzi, C. and others},
 title = {Programming Language Support to Context-aware Adaptation: A Case-study with Erlang}, series = {SEAMS '10},
 year = {2010},
} 

@article{Hirschfeld08,
  author = {Robert Hirschfeld and others},
  title = {Context-oriented Programming},
  journal = {Journal of Object Technology},
  year = {2008},
}

@article{Jiang07,
 author = {Jiang, X. and others},
 title = {An Architecture for Energy Management in Wireless Sensor Networks},
 journal = {SIGBED Rev.},
 year = {2007},
}

@inproceedings{Kamina11,
 author = {Kamina, T. and others},
 title = {EventCJ: A Context-oriented Programming Language with Declarative Event-based Context Transition},
 series = {AOSD '11},
 year = {2011},
} 

@INPROCEEDINGS{Marques11, 
author={Marques, L. and others}, 
title={Lightweight Dependable Adaptation for Wireless Sensor Networks}, 
year={2011},
series = {SRDSW '11},
}

@INPROCEEDINGS{Park08, 
author={Park, P. G. and others},
title={Breath: A Self-Adapting Protocol for Wireless Sensor Networks in Control and Automation}, 
year={2008},
series = {SECON '08},
}

@article{SalvaneschiTBP,
 author = {Salvaneschi, G. and others},
 title = {Towards language-level support for self-adaptive software},
 journal = {ACM Trans. Auton. Adapt. Syst.},
 issue_date = {\footnote{to be published}},
 publisher = {ACM},
}

@article{Salvaneschi12,
 author = {Salvaneschi, G. and others},
 title = {Context-oriented Programming: A Software Engineering Perspective},
 journal = {J. Syst. Softw.},
 year = {2012},
} 

@inproceedings{Sehic11,
 author = {Sehic, S. and others},
 title = {COPAL-ML: A Macro Language for Rapid Development of Context-aware Applications in Wireless Sensor Networks},
 series = {SESENA '11},
 year = {2011},
} 

@INPROCEEDINGS{Steine11,
   author = {Steine, M. and others},
   title = {Proactive Reconfiguration of Wireless Sensor Networks},
   year = {2011},
   series = {ACM MSWiM},
}

@ARTICLE{Wood08, 
author={Wood, A. and others}, 
journal={Network, IEEE}, 
title={Context-aware wireless sensor networks for assisted living and residential monitoring}, 
year={2008}, 
}